<?xml version="1.0" encoding="UTF-8"?><collection xmlns="http://www.loc.gov/MARC21/slim"><record><leader>00348nam--2200121-i-4500</leader><controlfield tag="001">000045260</controlfield><controlfield tag="002">20161230</controlfield><controlfield tag="005">20161230201044</controlfield><controlfield tag="008">060222s1000------------r-----000-0-eng-d</controlfield><datafield ind1=" " ind2=" " tag="245"><subfield code="a">Transfert d`energie dans les gaz</subfield></datafield><datafield ind1=" " ind2=" " tag="260"><subfield code="a">New York, Interscience Publ., 1962, 554p</subfield></datafield><datafield ind1=" " ind2=" " tag="490"><subfield code="a">Inst.International De Chimie, 12-eme Conseil De Chimie</subfield></datafield><datafield ind1=" " ind2=" " tag="852"><subfield code="a">21747</subfield></datafield></record></collection>